<record><leader>00000cas a22000007a 4500</leader><controlfield tag="001">11662475</controlfield><controlfield tag="008">850206d18711875nbuwr ne      0    0eng d</controlfield><datafield ind1=" " ind2=" " tag="010"><subfield code="a">sn 85033077 </subfield></datafield><datafield ind1=" " ind2=" " tag="040"><subfield code="a">NPU</subfield><subfield code="b">eng</subfield><subfield code="c">NPU</subfield><subfield code="d">MGN</subfield><subfield code="d">OCLCQ</subfield></datafield><datafield ind1=" " ind2=" " tag="042"><subfield code="a">msc</subfield></datafield><datafield ind1="0" ind2="4" tag="245"><subfield code="a">The Schuyler register.</subfield></datafield><datafield ind1=" " ind2=" " tag="260"><subfield code="a">Schuyler, Neb. :</subfield><subfield code="b">Joseph C. McBride</subfield></datafield><datafield ind1=" " ind2=" " tag="300"><subfield code="a">v. ;</subfield><subfield code="c">60 cm.</subfield></datafield><datafield ind1=" " ind2=" " tag="310"><subfield code="a">Weekly</subfield></datafield><datafield ind1="1" ind2=" " tag="362"><subfield code="a">Began Sept. 30, 1871; ceased in 1875? Cf. Hist. of Neb., 1882.</subfield></datafield><datafield ind1=" " ind2=" " tag="500"><subfield code="a">Republican. Cf. Hist. of Neb.</subfield></datafield><datafield ind1=" " ind2=" " tag="588"><subfield code="a">Description based on: Vol. 2, no. 32 = whole no. 84 (May 3, 1873).</subfield></datafield><datafield ind1=" " ind2=" " tag="752"><subfield code="a">United States</subfield><subfield code="b">Nebraska</subfield><subfield code="c">Colfax</subfield><subfield code="d">Schuyler.</subfield></datafield><datafield ind1="0" ind2="0" tag="785"><subfield code="t">Schuyler sun</subfield><subfield code="w">(DLC)sn 84022839</subfield></datafield><datafield ind1="1" ind2=" " tag="029"><subfield code="a">AU@</subfield><subfield code="b">000025834683</subfield></datafield></record>